@book{shikin1995cg,
  title={{Компьютерная графика. Динамика, реалистические изображения}},
  author={Шикин, Е.В. and Боресков, А.В.},
  publisher={М.: Диалог-МИФИ},
  year={1995}
}
