# Алгоритм плавающего горизонта (Floating Horizon Algorithm) описан на стр. 233.
@book{rogers1989procelemsforcg,
  title={{Алгоритмические основы машинной графики.}},
  author={Роджерс, Д.},
  year={1989},
  publisher={Мир}
}

# Алгоритм плавающего горизонта (Floating Horizon Algorithm) описан на стр. 135.
@book{shikin1995cg,
  title={{Компьютерная графика. Динамика, реалистические изображения}},
  author={Шикин, Е.В. and Боресков, А.В.},
  publisher={М.: Диалог-МИФИ},
  year={1995}
}

@article{skala1985bresenhemmodif,
  title={{An Interesting Modification to the Bresenham Algorithm for Hidden-Line Solution}},
  author={Skala, V.},
  journal={Fundamental Algorithms for Computer Graphics},
  publisher={Springer-Verlag, Berlin Haidelberg},
  editor={Earnshow, R.A.},
  volume={F717},
  pages={593--601},
  year={1985}
}

NATO ASI Series, Vol. F17, pp. 593-601, Springer-Verlag, Berlin Haidelberg, 1985.

@unpublished{ilyin2006task1,
  title={{Методические указания к лабораторным работам по курсу <<Компьютерная графика>>. Лабораторная \No 1.}},
  author={Ильин, Ю.П.},
  year={2006}
}
